@book{Wheeden_2015,
  title={{Measure and Integral: An Introduction to Real Analysis}},
  author={Wheeden, Richard L},
  year={2015},
  publisher={CRC Press},
  address={Boca Raton, FL}
}

@book{daPrato_2014,
  title={Stochastic Equations in Infinite Dimensions},
  author={Da Prato, Giuseppe and Zabczyk, Jerzy},
  year={2014},
  publisher={Cambridge University Press},
  address={Cambridge, UK}
}

@article{Ganesan_2014,
  title={Characterization of uncertainties in atmospheric trace gas inversions using hierarchical {B}ayesian methods},
  author={Ganesan, A L and Rigby, M and Zammit-Mangion, A and Manning, A J and Prinn, R G and Fraser, P J and Harth, C M and Kim, K-R and Krummel, P B and Li, S and M{\"u}hle, J and O'Doherty, S J and Park, S and Salameh, P K and Steele, L P and Weiss, R F},
  journal={Atmospheric Chemistry and Physics},
  volume={14},
  pages={3855--3864},
  year={2014},
  publisher={Copernicus GmbH}
}

@book{Snyder_1987,
  title={Map projections--A working manual},
  author={Snyder, John Parr},
  volume={1395},
  year={1987},
  publisher={US Government Printing Office}
}

@inproceedings{Zammit_2011,
  title={A variational approach for the online dual estimation of spatiotemporal systems governed by the {IDE}},
  author={{Zammit Mangion}, A and Sanguinetti, G and Kadirkamanathan, V},
  booktitle={Proceedings of the IFAC World Congress},
  year={2011},
  publisher={International Federation of Automatic Control, Milano, Italy}
}

@article{Zammit_2012,
  title={Point process modelling of the Afghan War Diary},
  author={Zammit-Mangion, Andrew and Dewar, Michael and Kadirkamanathan, Visakan and Sanguinetti, Guido},
  journal={Proceedings of the National Academy of Sciences},
  volume={109},
  number={31},
  pages={12414--12419},
  year={2012},
  publisher={National Acad Sciences}
}

@book{Gonzalez_2004,
  title={Digital Image Processing Using MATLAB},
  author={Gonzalez, Rafael C and Woods, Richard Eugene and Eddins, Steven L},
  year={2004},
  publisher={Prentice Hall, Upper Saddle River, NJ}
}

@article{Gneiting_2005,
  title={Calibrated probabilistic forecasting using ensemble model output statistics and minimum CRPS estimation},
  author={Gneiting, Tilmann and Raftery, Adrian E and Westveld III, Anton H and Goldman, Tom},
  journal={Monthly Weather Review},
  volume={133},
  number={5},
  pages={1098--1118},
  year={2005}
}


@article{Dewar_2009,
  title={Data-driven spatio-temporal modeling using the integro-difference equation},
  author={Dewar, Michael and Scerri, Kenneth and Kadirkamanathan, Visakan},
  journal={Signal Processing, IEEE Transactions on},
  volume={57},
  number={1},
  pages={83--91},
  year={2009},
  publisher={IEEE}
}


@article{Schlachter_2015,
  title={Analysis, simulation and prediction of multivariate random fields with package {RandomFields}},
  author={Schlather, Martin and Malinowski, Alexander and Menck, Peter J and Oesting, Marco and Strokorb, Kirstin},
  journal={Journal of Statistical Software},
  volume={63},
  number={8},
  pages={1--25},
  year={2015}
}

@article{Apanasovich_2012,
  title={A valid {M}at{\'e}rn class of cross-covariance functions for multivariate random fields with any number of components},
  author={Apanasovich, Tatiyana V and Genton, Marc G and Sun, Ying},
  journal={Journal of the American Statistical Association},
  volume={107},
  pages={180--193},
  year={2012},
  publisher={Taylor \& Francis}
}

@article{Apanasovich_2010,
  title={Cross-covariance functions for multivariate random fields based on latent dimensions},
  author={Apanasovich, Tatiyana V and Genton, Marc G},
  journal={Biometrika},
  volume={97},
  number={1},
  pages={15--30},
  year={2010},
  publisher={Biometrika Trust}
}


@article{Li_2011,
  title={An approach to modeling asymmetric multivariate spatial covariance structures},
  author={Li, Bo and Zhang, Hao},
  journal={Journal of Multivariate Analysis},
  volume={102},
   pages={1445--1453},
  year={2011},
  publisher={Elsevier}
}

@article{Li_2008,
  title={Testing the covariance structure of multivariate random fields},
  author={Li, Bo and Genton, Marc G and Sherman, Michael},
  journal={Biometrika},
  volume={95},
  pages={813--829},
  year={2008},
  publisher={Biometrika Trust}
}

@book{R,
    title = {R: A Language and Environment for Statistical Computing},
    author = {{R Core Team}},
    publisher = {R Foundation for Statistical Computing},
    address = {Vienna, Austria},
    year = {2014},
    url = {http://www.R-project.org/},
  }

@article{Martinez_2013,
  title={A general modelling framework for multivariate disease mapping},
  author={Martinez-Beneito, Miguel A},
  journal={Biometrika},
  pages={539--553},
  volume={100},
  year={2013},
  publisher={Biometrika Trust}
}


@article{Kim_2001,
  title={A bivariate {B}ayes method for improving the estimates of mortality rates with a twofold conditional autoregressive model},
  author={Kim, Hoon and Sun, Dongchu and Tsutakawa, Robert K},
  journal={Journal of the American Statistical Association},
  volume={96},
  pages={1506--1521},
  year={2001}
}


@article{Jin_2005,
  title={Generalized hierarchical multivariate {CAR} models for areal data},
  author={Jin, Xiaoping and Carlin, Bradley P and Banerjee, Sudipto},
  journal={Biometrics},
  volume={61},
  pages={950--961},
  year={2005},
  publisher={Wiley Online Library}
}

@article{Majumdar_2007,
  title={Multivariate spatial modeling for geostatistical data using convolved covariance functions},
  author={Majumdar, Anandamayee and Gelfand, Alan E},
  journal={Mathematical Geology},
  volume={39},
  number={2},
  pages={225--245},
  year={2007},
  publisher={Springer}
}

@article{CressieZammit2015,
  title={Multivariate Spatial Covariance Models: {A} Conditional Approach},
  author={Noel Cressie and Andrew Zammit-Mangion},
  journal={submitted},
  year={2015}
}

@article{Zammit_2016,
	author={Zammit-Mangion, A. and Cressie, N. and Ganesan, A.L. and O'Doherty, S. and Manning, A.J.}, 
	title={Spatio-temporal bivariate statistical models for atmospheric trace-gas inversion},
	journal={Chemometrics and Intelligent Laboratory Systems,}, 
	year={2016},
        note={{doi: 10.1016/j.chemolab.2015.09.006}}
}

@article{Zammit_2015a,
  title={Multivariate spatio-temporal modelling for assessing {A}ntarctica's present-day contribution to sea-level rise},
  author={Zammit-Mangion, A and Rougier, J C and Schoen, N and Lindgren, F and Bamber, J},
  journal={Environmetrics},
  year={2015},
  volume={26},
  pages={159--177}}

@ARTICLE{Zammit_2015b,
  author = {A Zammit-Mangion and J L Bamber and N W Schoen and J C Rougier},
  title = {A data-driven approach for assessing ice-sheet mass balance in space
	and time},
  journal = {Annals of Glaciology, in press},
  year = {{2015}}
}

@ARTICLE{Zammit_2014,
  author = {A Zammit-Mangion and J C Rougier and J L Bamber and N W Schoen},
  title = {Resolving the {A}ntarctic contribution to sea-level rise: a hierarchical
	modelling framework},
  journal = {Environmetrics},
  year = {2014},
  volume = {25},
  pages = {245--264},
  issue = {4}
}



@article{Cseke_2014,
  title={Sparse approximations in spatio-temporal point-process models},
  author={Cseke, Botond and Mangion, Andrew Zammit and Sanguinetti, Guido and Heskes, Tom},
  journal={arXiv preprint arXiv:1305.4152},
  year={2014}
}

@inproceedings{Heskes_2002,
 author = {Heskes, Tom and Zoeter, Onno},
 title = {Expectation Propagation for Approximate Inference in Dynamic {B}ayesian Networks},
 booktitle = {Proceedings of the Eighteenth Conference on Uncertainty in Artificial Intelligence},
 series = {UAI'02},
 year = {2002},
 isbn = {1-55860-897-4},
 location = {Alberta, Canada},
 pages = {216--223},
 numpages = {8},
 url = {http://dl.acm.org/citation.cfm?id=2073876.2073902},
 acmid = {2073902},
 publisher = {Morgan Kaufmann Publishers Inc.},
 address = {San Francisco, CA},
} 



@article{Hu_2013,
  title={Multivariate gaussian random fields using systems of stochastic partial differential equations},
  author={Hu, Xiangping and Simpson, Daniel and Lindgren, Finn and Rue, H{\aa}vard},
  journal={arXiv preprint arXiv:1307.1379},
  year={2013}
}


@article{Rauch_1965,
  title={Maximum likelihood estimates of linear dynamic systems},
  author={Rauch, Herbert E and Tung, F and Striebel, CT},
  journal={AIAA Journal},
  volume={3},
  pages={1445--1450},
  year={1965}
}

@article{Baddeley1992,
  title={Errors in binary images and an $L^p$ version of the {H}ausdorff metric},
  author={Baddeley, A. J.},
  journal={Nieuw Archief voor Wiskunde},
  volume={10},
  number={4},
  pages={157--183},
  year={1992},
}

@article{Berkson_1950,
  title={Are there two regressions?},
  author={Berkson, Joseph},
  journal={Journal of the American Statistical Association},
  volume={45},
  pages={164--180},
  year={1950},
  publisher={Taylor \& Francis Group}
}

@article{Lee_1980,
  title={Two algorithms for constructing a {D}elaunay triangulation},
  author={Lee, Der-Tsai and Schachter, Bruce J},
  journal={International Journal of Computer and Information Sciences},
  volume={9},
  pages={219--242},
  year={1980},
  publisher={Springer}
}

@book{Kolaczyk_2009,
  title={Statistical Analysis of Network Data},
  author={Kolaczyk, Eric D},
  year={2009},
  publisher={Springer},
  address={New York, NY}
}

@article{Storvik_2002,
  title={Stationary space-time {G}aussian fields and their time autoregressive representation},
  author={Storvik, G. and Frigessi, A. and Hirst, D.},
  journal={Statistical Modelling},
  volume={2},
  number={2},
  pages={139},
  year={2002},
  publisher={SAGE Publications}
}

@article{Gneiting_2002,
  title={Nonseparable, stationary covariance functions for space--time data},
  author={Gneiting, Tilmann},
  journal={Journal of the American Statistical Association},
  volume={97},
  pages={590--600},
  year={2002},
  publisher={Taylor \& Francis}
}

@article{Lindgren_2011,
  title       = {An explicit link between {G}aussian fields and {Gaussian Markov random fields: {T}he stochastic partial} differential equation approach},
  author      = {Lindgren, F. and Rue, H. and Lindstr{\"o}m, J.},
  journal     = {Journal of the Royal Statistical Society, Series B},
  year        = {2011},
  pages       = {423--498},
  volume      = {73},
}



@article{Simpson_2011,
  title={Going off grid: Computationally efficient inference for log-{G}aussian {C}ox processes},
  author={Simpson, D. and Illian, J. and Lindgren, F. and S{\o}rbye, S. and Rue, H.},
  journal={arXiv preprint arXiv:1111.0641},
  year={2011},
}


@article{Neal_2003,
  title                    = {Slice sampling},
  author                   = {Neal, R. M.},
  journal                  = {Annals of Statistics},
  year                     = {2003},
  pages                    = {705--741},
  volume                   = {31},
}

@book{Barnett2004,
    author={Barnett, V. D.},
    year={2004},
    title={Environmental Statistics: Methods and Applications},
    publisher={John Wiley and Sons},
    address={New York, NY},
}


@misc{Rougier_2015,
        author={Rougier, J. C.},
        year={2015},
        title={R package, slice},
        howpublished={\texttt{http://www.maths.bris.ac.uk/\~MAZJCR/}},
}

@article{Wikle_2002,
  title={A kernel-based spectral model for non-{G}aussian spatio-temporal processes},
  author={Wikle, C. K.},
  journal={Statistical Modelling},
  volume={2},
  pages={299--314},
  year={2002},
  publisher={SAGE Publications},
}

@article{Kot_1986,
  title={Discrete-time growth-dispersal models},
  author={Kot, M. and Schaffer, W. M.},
  journal={Mathematical Biosciences},
  volume={80},
  pages={109--136},
  year={1986},
}

@book{Cox_1996,
  title={Multivariate Dependencies: Models, Analysis and Interpretation},
  author={Cox, David Roxbee and Wermuth, Nanny},
  year={1996},
  publisher={Chapman and Hall/CRC},
  address={Boca Raton, FL}
}

@article{Cressie_1998,
  title={Image analysis with partially ordered {M}arkov models},
  author={Cressie, Noel and Davidson, Jennifer L},
  journal={Computational Statistics \& Data Analysis},
  volume={29},
  pages={1--26},
  year={1998},
  publisher={Elsevier}
}

@book{Bishop_2006,
  title={Pattern Recognition and Machine Learning},
  author={Bishop, Christopher M},
  year={2006},
  publisher={Springer},
  address={New York, NY}
}


@book{Lauritzen_1996,
  title={Graphical Models},
  author={Lauritzen, Steffen L},
  year={1996},
  publisher={Oxford University Press},
  address={Oxford, UK}
}

@article{Spiegelhalter_2002,
  title={Bayesian measures of model complexity and fit},
  author={Spiegelhalter, D. J. and Best, N. G. and Carlin, B. P. and Van Der Linde, A.},
  journal={Journal of the Royal Statistical Society, Series B},
  volume={64},
  pages={583--639},
  year={2002},
}

@book{Berger1985,
        author={Berger, J. O.},
        year={1985},
        title={Statistical Decision Theory and Bayesian Analysis},
        publisher={Springer-Verlag},
        address={New York, NY},
        language={English},
}

@article{Bayes1763,
        author={Bayes, T.},
        year={1763},
        title={An Essay towards solving a Problem in the Doctrine of Chances},
        journal={Philosophical Transactions of the Royal Society of London},
        volume={53},
        pages={370--418},
        language={English},
}

@book{BaileyCatrell1995,
  title={Interactive Spatial Data Analysis},
  author={Bailey, T. C. and Gatrell, A. C.},
  year={1995},
  publisher={Longman Scientific \& Technical},
  address={Essex},
}

@article{BeaucheminBarron1995,
  title={The computation of optical flow},
  author={Beauchemin, S. S. and Barron, J. L.},
  journal={ACM Computing Surveys},
  volume={27},
  number={3},
  pages={433--466},
  year={1995},
}

@article{Besag1974,
  title={Spatial interaction and the statistical analysis of lattice systems},
  author={Besag, J.},
  journal={Journal of the Royal Statistical Society: Series B},
  pages={192--236},
  year={1974},
  volume={36},
}

@incollection{Berliner1996,
  title={Hierarchical {B}ayesian time series models},
  author={Berliner, L. M.},
  booktitle={Maximum entropy and Bayesian methods},
  pages={15--22},
  year={1996},
  editor={Hanson, K. and Silver, R.},
  publisher={Kluwer Academic Publishers},
  address={Dordrecht, NL},
}

@article{Berlineretal1999,
  title={Bayesian methods in the atmospheric sciences},
  author={Berliner, L. M. and Royle, J. A. and Wikle, C. K. and Milliff, R. F.},
  journal={Bayesian Statistics},
  volume={6},
  pages={83--100},
  year={1999},
  editor={Bernado, J. M.},
  publisher={Oxford University Press},
}

@article{Budd1970,
  title={Ice flow over bedrock perturbations},
  author={Budd, W. F.},
  year={1970},
  volume={9},
  number={55},
  journal={Journal of Glaciology},
  pages={29--48},
}

@book{ChilesDelfiner1999,
  title={Geostatistics: Modeling Spatial Uncertainty},
  author={Chil\`{e}s, J. P. and Delfiner, P.},
  address={New York, NY},
  year={1999},
  publisher={Wiley},
}

@book{Christakos1992,
  title={Random Field Models in Earth Sciences},
  author={Christakos, G.},
  year={1992},
  publisher={Academic Press},
  address={San Diego},
}

@incollection{Churchetal2001,
  title={Changes in sea level},
  author={Church, J. A. and Gregory, J. M. and Huybrechts, P. and Kuhn, M. and Lambeck, K. and Nhuan, M. T. and Qin, D. and Woodworth, P. L.},
  booktitle={Climate Change 2001: The Scientific Basis, Contribution of Working Group I to the Third Assessment Report of the Intergovernmental Panel on Climate Change},
  editor={Houghton, J. T. and Ding, Y. and Griggs, D. J. and Noguer, M. and van der Linden, P. J. and Dai, X. and  Maskell, K. and Johnson, C. A.},
  pages={639--694},
  year={2001},
  publisher={Cambridge University Press},
}

@book{Cressie1993,
        author={Cressie, N.},
        year={1993},
        title={Statistics for Spatial Data, \textnormal{rev. edn}},
        publisher={John Wiley \& Sons},
        address={New York, NY},
}

@article{Diggleetal1998,
  title={Model-based geostatistics},
  author={Diggle, P. J. and Tawn, J. A. and Moyeed, R. A.},
  journal={Journal of the Royal Statistical Society: Series C},
  volume={47},
  number={3},
  pages={299--350},
  year={1998},
}

@article{Franklin2000,
  title={Applications of analytical cartography},
  author={Franklin, W. R.},
  journal={Cartography and Geographic Information Science},
  volume={27},
  number={3},
  pages={225--238},
  year={2000},
}

@article{Rigby_2011,
  title={Inversion of long-lived trace gas emissions using combined Eulerian and Lagrangian chemical transport models},
  author={Rigby, M and Manning, AJ and Prinn, RG},
  journal={Atmospheric Chemistry and Physics},
  volume={11},
  number={18},
  pages={9887--9898},
  year={2011},
  publisher={Copernicus GmbH}
}

@article{Stohl_2009,
  title={An analytical inversion method for determining regional and global emissions of greenhouse gases: Sensitivity studies and application to halocarbons},
  author={Stohl, A and Seibert, P and Arduini, J and Eckhardt, S and Fraser, P and Greally, BR and Lunder, C and Maione, M and M{\"u}hle, J and O'doherty, S and others},
  journal={Atmospheric Chemistry and Physics},
  volume={9},
  number={5},
  pages={1597--1620},
  year={2009},
  publisher={Copernicus GmbH}
}

@inproceedings{FranklinGousie1999,
  title={Terrain elevation data structure operations},
  author={Franklin, W. R. and Gousie, M.},
  booktitle={Proceedings of the 19th International Cartographic Conference},
  volume={2},
  pages={1011--1020},
  year={1999},
  address={Ottawa},
}

@article{GabrosekCressie2002,
  title={The effect on attribute prediction of location uncertainty in spatial data},
  author={Gabrosek, J. and Cressie, N.},
  journal={Geographical Analysis},
  volume={34},
  number={3},
  pages={262--285},
  year={2002},
}


@incollection{GelpkeKunsch2001,
  title={Estimation of motion from sequences of images},
  author={Gelpke, V. and K\"{u}nsch, H. R.},
  booktitle={Spatial Statistics: Methodological Aspects and Applications},
  editor={Moore, M.},
  pages={141--167},
  year={2001},
  publisher={Springer},
  address={New York},
}

@article{Goodchild2000,
  title={Introduction: special issue on `{U}ncertainty in {G}eographic {I}nformation {S}ystems'},
  author={Goodchild, M. F.},
  journal={Fuzzy Sets and Systems},
  volume={113},
  number={1},
  pages={3--5},
  year={2000},
}


@article{Gudmundssonetal1998,
  title={The origin and longevity of flow-stripes on {A}ntarctic {I}ce {S}treams},
  author={Gudmundsson, G. H. and Raymond, C. F. and Bindschadler, R.},
  journal={Annals of Glaciology},
  volume={27},
  pages={145--152},
  year={1998},
}

@article{HornSchunck1981,
  title={Determining optical flow},
  author={Horn, B. K. P. and Schunck, B. G.},
  journal={Artificial Intelligence},
  volume={17},
  number={1},
  pages={185--203},
  year={1981},
}


@techreport{Huangetal2000,
  title={Fast spatial prediction of global processes from satellite data},
  author={Huang, H.-C. and Cressie, N. and Gabrosek, J.},
  institution={Department of Statistics, The Ohio State University},
  number={650},
  year={2000},
}


@incollection{Hunteretal1999,
 author={Hunter, G. J. and Qiu, J. and Goodchild, M. F.},
 title={Application of a new model of vector data uncertainty},
 booktitle={Spatial Accuracy Assessment: Land Information Uncertainty in Natural Resources},
 editor={Lowell, K. and Jaton, A.},
 publisher={Ann Arbor Press},
 address={Chelsea},
 pages={203--208},
 year={1999},
}

@article{Cressie_1999,
  title={Classes of nonseparable, spatio-temporal stationary covariance functions},
  author={Cressie, Noel and Huang, Hsin-Cheng},
  journal={Journal of the American Statistical Association},
  volume={94},
  pages={1330--1339},
  year={1999},
  publisher={Taylor \& Francis Group}
}

@article{Hutteretal1981,
  title={First-order stresses and deformations in glaciers and ice sheets},
  author={Hutter, K. and Legerer, F. and Spring, U.},
  journal={Journal of Glaciology},
  volume={27},
  pages={227--270},
  year={1981},
}

@book{JournelHuijbregts1978,
  title={Mining Geostatistics},
  author={Journel, A. G. and Huijbregts, C. J.},
  year={1978},
  publisher={Academic Press},
  address={London, UK},
}

@article{LittleShi2001,
  title={Structural lines, TINs, and DEMs},
  author={Little, J. J. and Shi, P.},
  journal={Algorithmica},
  volume={30},
  number={2},
  pages={243--263},
  year={2001},
}

@article{Moellering2000a,
  title={The nature of analytical cartography: {A}n introduction},
  author={Moellering, H.},
  journal={Cartography and Geographic Information Science},
  volume={27},
  number={3},
  pages={187--188},
  year={2000},
}

@article{Moellering2000b,
  title={The scope and conceptual content of analytical cartography},
  author={Moellering, H.},
  journal={Cartography and Geographic Information Science},
  volume={27},
  number={3},
  pages={205--224},
  year={2000},
}

@article{Mugglinetal2000,
  title={Fully model-based approaches for spatially misaligned data},
  author={Mugglin, A. S. and Carlin, B. P. and Gelfand, A. E.},
  journal={Journal of the American Statistical Association},
  volume={95},
  number={451},
  pages={877--887},
  year={2000},
}

@book{MowrerCongalton2000,
  title={Quantifying Spatial Uncertainty in Natural Resources: Theory and Applications for GIS and Remote Sensing},
  author={Mowrer, H. T. and Congalton, R. G.},
  year={2000},
  publisher={Ann Arbor Press},
  address={Chelsea},
}

@article{Pfaltz1976,
  title={Surface networks},
  author={Pfaltz, J. L.},
  journal={Geographical Analysis},
  volume={8},
  number={1},
  pages={77--93},
  year={1976},
}

@book{Ripley1981,
  title={Spatial Statistics},
  author={Ripley, B. D.},
  year={1981},
  publisher={Wiley},
  address={New York, NY},
}

@book{RobertCasella1999,
  title={Monte Carlo Statistical Methods},
  author={Robert, C. P. and Casella, G.},
  year={1999},
  publisher={Springer-Verlag},
  address={New York, NY},
}

@book{RobertCasella2004,
        author={Robert, C. P. and Casella, G.},
        year={2004},
        title={Monte Carlo Statistical Methods},
        publisher={Springer},
        address={New York, NY},
        edition  = {2nd},
        language={English},
}

@book{Soong1973,
  title={Random Differential Equations in Science and Engineering},
  author={Soong, T. T.},
  year={1973},
  publisher={Academic Press},
  address={New York, NY},
}

@incollection{SternCressie1999,
  title={Inference for extremes in disease mapping},
  author={Stern, H. and Cressie, N.},
  booktitle={Disease Mapping and Risk Assessment for Public Health},
  editor={Lawson, A. and Biggeri, D. and B\"{o}hning, E. and Lesaffre, E. and Viel, J.-F. and Bertollini, R.},
  year={1999},
  publisher={Wiley},
  address={Chichester},
  pages={63--84},
}

@misc{Tobler1966,
  title={Personal communication via meetings of the {M}ichigan {I}nter-{U}niversity {C}ommunity of {M}athematical {G}eographers {(MICMOG)}, and in his course in Analytical Cartography in the late 1960s},
  author={Tobler, W.},
  year={1966},
}

@inproceedings{vandeBoogaart2001,
  author={van de Boogaart, K. G.},
  year={2001},
  title={Kriging for processes satisfying linear partial differential equations},
  booktitle={Proceedings of 2001 Annual Conference of the International Association for Mathematical Geology},
  note={September, 6-12, 2001},
  address={Cancun, Mexico},
}

@article{Warntz1966,
  title={The topology of a socio-economic terrain and spatial flows},
  author={Warntz, W.},
  journal={Papers of the Regional Science Association},
  volume={17},
  pages={47--61},
  year={1966},
}

@article{Wikleetal1998,
  title={Hierarchical {B}ayesian space-time models},
  author={Wikle, C. K. and Berliner, L. M. and Cressie, N.},
  journal={Environmental and Ecological Statistics},
  volume={5},
  number={2},
  pages={117--154},
  year={1998},
}

@article{Wikleetal2001,
  title={Spatio-temporal hierarchical {B}ayesian blending of tropical ocean surface wind data},
  author={Wikle, C. K. and Milliff, R. F. and Nychka, D. and Berliner, L. M.},
  journal={Journal of the American Statistical Association},
  volume={96},
  pages={382--397},
  year={2001},
}

@article{WhillansJohnson1983,
  author={Whillans, I. M. and Johnson, S. J.},
  year={1983},
  title={Longitudinal variations in glacial flow: {T}heory and test using data from the {B}yrd {S}tation strain network, Antarctica},
  journal={Journal of Glaciology},
  volume={29},
  number={101},
  pages={78--97},
}

@article{WhillansJezek1987,
  title={Folding in the {G}reenland ice sheet},
  author={Whillans, I. M. and Jezek, K. C.},
  journal={Journal of Geophysical Research},
  volume={92},
  number={B1},
  pages={485--493},
  year={1987},
}

@article{Whittle1962,
  title={Topographic correlation, power-law covariance functions, and diffusion},
  author={Whittle, P.},
  journal={Biometrika},
  volume={49},
  pages={305--314},
  year={1962},
}

@article{Wilsonetal1997,
  title={A new metric for grey-scale image comparison},
  author={Wilson, D. L. and Baddeley, A. J. and Owens, R. A.},
  journal={International Journal of Computer Vision},
  volume={24},
  number={1},
  pages={5--17},
  year={1997},
}


@misc{Wood2000,
  title={Constructing weighted surface networks for the representation and analysis of surface topology, paper presented to the 5th International Conference on GeoComputation},
  author={Wood, J.},
  year={2000},
  note={Chatham, UK},
}

@book{MclachlanKrishan2008,
        author={McLachlan, G. J. and Krishnan, T.},
        year={2008},
        title={The {EM} Algorithm and Extensions},
        publisher={Wiley},
        address={New York, NY},
        edition  = {2nd},
        language={English},
}

@article{Rueetal2009,
        author={Rue, H. and Martino, S. and Chopin, N.},
        year={2009},
        title={Approximate {B}ayesian Inference for Latent {G}aussian Models by Using Integrated Nested {L}aplace Approximations (with Discussion)},
        journal={Journal of the Royal Statistical Society, Series B},
        volume={71},
        pages={319--392},
        language={English},
}

@misc{ATBD2010,
      author = {OCO-2{ }ATB{ }Document},
      title = {{OCO}-2 Level 2 Full Physics Retrieval Algorithm Theoretical Basis},
      year = {2010},
      url = {http://disc.sci.gsfc.nasa.gov/acdisc/documentation/OCO-2_L2_FP_ATBD_v1_rev4_Nov10.pdf}
}

@book{Rodgers2000,
        author={Rodgers, C. D.},
        title={Inverse Methods for Atmospheric Sounding},
        publisher={World Scientific Publishing},
        address={Singapore},
        year={2000}
}

@article{Connoretal2008,
    author = {Connor, B. J. and Boesch, H. and Toon, G. and Sen, B. and Miller, C. and Crisp, D.},
    title ={{O}rbiting {C}arbon {O}bservatory: {I}nverse method and prospective error analysis},
    journal = {Journal of Geophysical Research: Atmospheres},
    volume = {113},
    number = {D5},
    doi ={10.1029/2006JD008336},
    year = {2008},
}

@article{CressieWang2013,
    author = {Cressie, N. and Wang, R.},
    title = {Statistical properties of the state obtained by solving a nonlinear multivariate inverse problem},
    journal = {Applied Stochastic Models in Business and Industry},
    volume = {29},
    number = {5},
    pages = {424--438},
    doi = {10.1002/asmb.1946},
    year = {2013},
}

@article{KatzfussCressie2011,
        author={Katzfuss, M. and Cressie, N.},
        year={2011},
        title={Spatio-temporal smoothing and {EM} estimation for massive remote-sensing data sets},
        journal={Journal of Time Series Analysis},
        volume={32},
        pages={430--446},
}

@article{KatzfussCressie2012,
        author={Katzfuss, M. and Cressie, N.},
        year={2012},
        title={Bayesian hierarchical spatio-temporal smoothing for very large datasets},
        journal={Environmetrics},
        volume={23},
        pages={94--107},
}

@article{Zhangetal2008,
        author={Zhang, J. and Craigmile, P. F. and Cressie, N.},
        year={2008},
        title={Loss function approaches to predict a spatial quantile and its exceedance region},
        journal={Technometrics},
        volume={50},
        pages={216--227},
        language={English},
}

@article{Michalaketal2004,
    author = {Michalak, A. M. and Bruhwiler, L. and Tans, P. P.},
    title = {A geostatistical approach to surface flux estimation of atmospheric trace gases},
    journal = {Journal of Geophysical Research: Atmospheres},
	volume = {109},
	number = {D14},
	doi = {10.1029/2003JD004422},
	year = {2004},
}


@article{Muelleretal2008,
    author = {Mueller, K. L. and Gourdji, S. M. and Michalak, A. M.},
    title = {Global monthly averaged {CO}2 fluxes recovered using a geostatistical inverse modeling approach: 1. {R}esults using atmospheric measurements},
    journal = {Journal of Geophysical Research: Atmospheres},
    volume = {113},
    number = {D21},
    doi = {10.1029/2007JD009734},
    year = {2008},
}

@article{Gourdjietal2008,
    author = {Gourdji, S. M. and Mueller, K. L. and Schaefer, K. and Michalak, A. M.},
    title = {Global monthly averaged {CO}2 fluxes recovered using a geostatistical inverse modeling approach: 2. {R}esults including auxiliary environmental data},
    journal = {Journal of Geophysical Research: Atmospheres},
    volume = {113},
    number = {D21},
    doi = {10.1029/2007JD009733},
    year = {2008},
}



@article{Milleretal20012,
    author = {Miller, S. M. and Kort, E. A. and Hirsch, A. I. and Dlugokencky, E. J. and Andrews, A. E. and Xu, X. and Tian, H. and Nehrkorn, T. and Eluszkiewicz, J. and Michalak, A. M. and Wofsy, S. C.},
    title = {Regional sources of nitrous oxide over the {U}nited {S}tates: Seasonal variation and spatial distribution},
    journal = {Journal of Geophysical Research: Atmospheres},
    volume = {117},
    number = {D6},
    doi = {10.1029/2011JD016951},
    year = {2012},
}


@article{FennessyShukla2000,
    author={Fennessy, M. J. and Shukla, J.},
    title={Seasonal prediction over {N}orth {A}merica with a regional model nested in a global model},
    journal={Journal of Climate},
    volume={13},
    pages={2605--2627},
    year={2000},
}

@article{Xueetal2007,
        author={Xue, Y. K. and Vasic, R. and Janjic, Z. and Mesinger, F. and Mitchell, K. E.},
        year={2007},
        title={Assessment of dynamic downscaling of the continental {US} regional climate using the {E}ta/{SS}i{B} regional climate model},
        journal={Journal of Climate},
        volume={20},
        pages={4172--4193},
        language={English},
}



@article{Kangetal2012,
    author={Kang, E. L. and Cressie, N. and Sain, S. R.},
    year={2012},
    title={Combining outputs from the {NARCCAP} regional climate models using a {B}ayesian hierarchical model},
    journal={Journal of the Royal Statistical Society, Series C (Applied Statistics)},
    volume={61},
    pages={291--313},
}

@article{KangCressie2013,
    title = {Bayesian Hierarchical {ANOVA} of Regional Climate-Change Projections from {NARCCAP} {P}hase {II}},
    journal = {International Journal of Applied Earth Observation and Geoinformation},
    year = {2013},
    volume={22},
    pages={3--15},
    author = {Kang, E. L. and Cressie, N.},
}


@article{CressieJohannesson2008,
        author={Cressie, N. and Johannesson, G.},
        year={2008},
        title={Fixed rank kriging for very large spatial data sets},
        journal={Journal of the Royal Statistical Society, Series B},
        volume={70},
        pages={209--226},
}

@article{SenguptaCressie2013,
    author = {Sengupta, A. and Cressie, N.},
    title  = {Hierarchical statistical modeling of big spatial datasets using the exponential family of distributions},
    journal={Spatial Statistics},
    doi={10.1016/j.spasta.2013.02.002},
    year={2013},
}

@article{Sainetal2011,
    author={Sain, S. R. and Furrer, R. and Cressie, N.},
    year={2011},
    title={A spatial analysis of multivariate output from regional climate models},
    journal={Annals of Applied Statistics},
    volume={5},
    pages={150--175},
}

@article{Sainetal2008,
  title={Combining ensembles of regional climate model output via a multivariate {M}arkov random field model},
  author={Sain, S. R. and Furrer, R. and Cressie, N.},
  journal={Annals of Applied Statistics (submitted)},
  year={2008},
}

@article{Salazaretal2011,
    author={Salazar, E. S. and Finley, A. and Hammerling, D. and Steinsland, I. and Wang, X. and Delamater, P.},
    year={2011},
    title={Comparing and blending regional climate model predictions for the {A}merican southwest},
    journal={Journal of Agricultural, Biological, and Environmental Statistics},
    volume={16},
    pages={586--605},
}

@article{KaufmanSain2010,
    author={Kaufman, C. G. and Sain, S. R.},
    year={2010},
    title={Bayesian {ANOVA} modeling using {G}aussian process prior distributions},
    journal={Bayesian Analysis},
    volume={5},
    pages={123--150},
}

@book{Hastieetal2009,
        author={Hastie, T. and Tibshirani, R. and Friedman, J. H.},
        year={2009},
        title={The Elements of Statistical Learning: Data Mining, Inference, and Prediction},
        publisher={Springer},
        address={New York, NY},
        edition={2nd},
        language={English},
}

@article{WikleCressie1999,
        author={Wikle, C. K. and Cressie, N.},
        year={1999},
        title={A dimension-reduced approach to space-time Kalman filtering},
        journal={Biometrika},
        volume={86},
        pages={815--829},
}

@inproceedings{CressieJohannesson2006,
        author={Cressie, N. and Johannesson, G.},
        year={2006},
        title={Spatial prediction for massive data sets},
        booktitle={Mastering the Data Explosion in the Earth and Environmental Sciences: Proceedings of the Australian
Academy of Science Elizabeth and Frederick White Conference},
        pages={1--11},
        publisher={Australian Academy of Science},
        address={Canberra, Australia},
}


@misc{Banerjee_2015b,
        author={Banerjee, S.},
        year={2015},
        note={Personal communication}
}


@article{Banerjeeetal2008,
        author={Banerjee, S. and Gelfand, A. E. and Finley, A. O. and Sang, H.},
        year={2008},
        title={Gaussian predictive process models for large spatial data sets},
        journal={Journal of the Royal Statistical Society, Series B},
        volume={70},
        pages={825--848},
}

@article{KangCressie2011,
        author={Kang, E. L. and Cressie, N.},
        year={2011},
        title={Bayesian inference for the {S}patial {R}andom {E}ffects model},
        journal={Journal of the American Statistical Association},
        volume={106},
        pages={972--983},
}

@article{Lindgrenetal2011,
        author={Lindgren, F. and Rue, H. and Lindstr\"{o}m, J.},
        year={2011},
        title={An explicit link between {G}aussian fields and {G}aussian {M}arkov random fields: the stochastic partial differential equation approach (with discussion)},
        journal={Journal of the Royal Statistical Society, Series B},
        volume={73},
        pages={423--498},
}

@article{Nguyenetal2012,
        author={Nguyen, H. and Cressie, N. and Braverman, A.},
        year={2012},
        title={Spatial statistical data fusion for remote-sensing applications},
        journal={Journal of the American Statistical Association},
        volume={107},
        pages={1004--1018},
}

@article{Crispetal2004,
        author={Crisp, D. and Jacob, D. J. and Miller, C. E. and O'Brien, D. and Pawson, S. and Randerson, J. T. and Rayner, P. and Salawitch, R. J. and Sander, S. P. and Sen, B. and Stephens, G. L. and Atlas, R. M. and Tans, P. P. and Toon, G. C. and Wennberg, P. O. and Wofsy, S. C. and Yung, Y. L. and Kuang, Z. and Chudasama, B. and Sprague, G. and Weiss, B. and Pollock, R. and Br\'{e}on, F.-M. and Kenyon, D. and Schroll, S. and Brown, L. R. and Burrows, J. P. and Ciais, P. and Connor, B. J. and Doney, S. C. and Fung, I. Y.},
        year={2004},
        title={The {O}rbiting {C}arbon {O}bservatory {(OCO)} mission},
        journal={Advances in Space Research},
        volume={34},
        pages={700--709},
        language={English},
}

@article{Crispetal2012,
        author={Crisp, D. and Deutscher, N. M. and Eldering, A. and Griffith, D. and Gunson, M. and Kuze, A. and Mandrake, L. and McDuffie, J. and Messerschmidt, J. and Miller, C. E. and Morino, I. and Fisher, B. M. and Natraj, V. and Notholt, J. and O'Brien, D. M. and Oyafuso, F. and Polonsky, I. and Robinson, J. and Salawitch, R. and Sherlock, V. and Smyth, M. and Suto, H. and O'Dell, C. and Taylor, T. E. and Thompson, D. R. and Wennberg, P. O. and Wunch, D. and Yung, Y. L. and Frankenberg, C. and Basilio, R. and Bosch, H. and Brown, L. R. and Castano, R. and Connor, B.},
        year={2012},
        title={The {ACOS} {CO2} retrieval algorithm - {P}art {II}: {G}lobal {X}-{CO2} data characterization},
        journal={Atmospheric Measurement Techniques},
        volume={5},
        pages={687--707},
        language={English},
}

@article{ODelletal2012,
        author={O'Dell, C. W. and Fisher, B. and Gunson, M. and McDuffie, J. and Miller, C. E. and Natraj, V. and Oyafuso, F. and Polonsky, I. and Smyth, M. and Taylor, T. and Toon, G. C. and Connor, B. and Wennberg, P. O. and Wunch, D. and Bosch, H. and O'Brien, D. and Frankenberg, C. and Castano, R. and Christi, M. and Crisp, D. and Eldering, A.},
        year={2012},
        title={The {ACOS} {CO2} retrieval algorithm - {P}art {I}: {D}escription and validation against synthetic observations},
        journal={Atmospheric Measurement Techniques},
        volume={5},
        pages={99--121},
        language={English},
}

@article{Wunchetal2011,
        author={Wunch, D. and Ahonen, P. and Biraud, S. C. and Castano, R. and Cressie, N. and Crisp, D. and Deutscher, N. M. and Eldering, A. and Fisher, M. L. and Griffith, D. W. T. and Gunson, M. and Wennberg, P. O. and Heikkinen, P. and Keppel-Aleks, G. and Kyro, E. and Lindenmaier, R. and Macatangay, R. and Mendonca, J. and Messerschmidt, J. and Miller, C. E. and Morino, I. and Notholt, J. and Toon, G. C. and Oyafuso, F. A. and Rettinger, M. and Robinson, J. and Roehl, C. M. and Salawitch, R. J. and Sherlock, V. and Strong, K. and Sussmann, R. and Tanaka, T. and Thompson, D. R. and Connor, B. J. and Uchino, O. and Warneke, T. and Wofsy, S. C. and Fisher, B. and Osterman, G. B. and Frankenberg, C. and Mandrake, L. and O'Dell, C.},
        year={2011},
        title={A method for evaluating bias in global measurements of {CO2} total columns from space},
        journal={Atmospheric Chemistry and Physics},
        volume={11},
        pages={12317--12337},
}

@article{Chevallieretal2007,
        author={Chevallier, F. and Br\'{e}on, F.-M. and Rayner, P. J.},
        year={2007},
        title={Contribution of the {O}rbiting {C}arbon {O}bservatory to the estimation of {CO2} sources and sinks: {T}heoretical study in a variational data assimilation framework},
        journal={Journal of Geophysical Research},
        volume={112},
        number={D09307},
        doi={10.1029/2006JD007375},
}


@article{Houwelingetal2004,
        author={Houweling, S. and Br\'{e}on, F.-M. and Aben, I. and R\"{o}denbeck, C. and Gloor, M. and Heimann, M. and Ciasis, P.},
        year={2004},
        title={Inverse modeling of {CO2} sources and sinks using satellite data: {A} synthetic inter-comparison of measurement techniques and their performance as a function of space and time},
        journal={Atmospheric Chemistry and Physics},
        volume={4},
        pages={523--538},
}

@article{Lauvauxetal2012,
            author={Lauvaux, T. and Schuh, A. E. and Uliasz, M. and Richardson, S. and Miles, N. and Andrews, A. E. and Sweeney, C. and Diaz, L. I. and Martins, D. and Shepson, P. B. and Davis, K.J.},
            year={2012},
            title={Constraining the {CO2} budget of the corn belt: {E}xploring uncertainties from the assumptions in a mesoscale inverse system},
            journal={Atmospheric Chemistry and Physics},
            volume={12},
            pages={337--354},
}

@article{EvansWestra2012,
        author={Evans, J. P. and Westra, S.},
        year={2012},
        title={Investigating the mechanisms of diurnal rainfall variability using a regional climate model},
        journal={Journal of Climate},
        volume={25},
        pages={7232--7247},
}

@article{Dahlaus_2000,
	author={Dahlaus, R.},
	year={2000},
	title={Graphical interaction models for multivariate time series},
	journal={Metrika},
	volume={51},
	pages={157--172},
}


@conference{Senguptaetal2012,
    author    = {Sengupta, A. and Cressie, N. and Frey, R. and Kahn, B.},
    title     = {Statistical modeling of {MODIS} cloud data using the {S}patial {R}andom {E}ffects model},
    booktitle = {2012 Proceedings of the Joint Statistical Meetings},
    series   = {American Statistical Association},
    address  = {Alexandra, VA, pages 3111--3123},
    year      = {2012},
}

@book{Banerjeeetal2004,
        author={Banerjee, S. and Carlin, B. P. and Gelfand, A. E.},
        year={2004},
        title={Hierarchical Modeling and Analysis for Spatial Data},
        publisher={Chapman and Hall/CRC},
        address={Boca Raton, FL}
}

@article{Craigmileetal2006,
  title={A loss function approach to identifying environmental exceedances},
  author={Craigmile, P. F. and Cressie, N. and Santner, T. J. and Rao, Y.},
  journal={Extremes},
  volume={8},
  pages={143--159},
  year={2006},
}

@article{Parslowetal2013,
  title={Bayesian learning and predictability in a stochastic nonlinear dynamical model},
  author={Parslow, J. and Cressie, N. and Campbell, E. P. and Jones, E. and Murray, L.},
  journal={Ecological Applications},
  volume={23},
  pages={679--698},
  year={2013},
}

@article{RueSyversveen1998,
  title={Bayesian object recognition with {B}addeley's delta loss},
  author={Rue, H. and Syversveen, A. R.},
  journal={Advances in Applied Probability},
  volume={30},
  pages={64--84},
  year={1998},
}

@article{Wrightetal2003,
  title={Loss functions for estimation of extrema with an application to disease mapping},
  author={Wright, D. L. and Stern, H. S. and Cressie, N.},
  journal={Canadian Journal of Statistics},
  volume={31},
  pages={251--266},
  year={2003},
}

@book{CressieWikle2011,
        author={Cressie,N. and Wikle,C. K.},
        year={2011},
        title={Statistics for Spatio-Temporal Data},
        publisher={John Wiley and Sons},
        address={Hoboken, NJ},
        language={English},
}


@article{Kanamitsuetal2002,
  title={{NCEP-DOE AMIP-II Reanalysis (R-2)}},
  author={Kanamitsu, M. and Ebisuzaki, W. and Woollen, J. and Yang, S.-K. and Hnilo, J. J. and Fiorino, M. and Potter, G. L.},
  journal={Bulletin of the American Meteorological Society},
  volume={83},
  pages={1631--1644},
  year={2002},
}

@article{Mearnsetal2009,
  title={A regional climate change assessment program for {N}orth {A}merica},
  author={Mearns, L. O. and Gutowski, W. and Jones, R. and Leung, R. and McGinnis, S. and Nunes, A. and Qian, Y.},
  journal={Eos, Transactions American Geophysical Union},
  volume={90},
  pages={311},
  year={2009},
}



@techreport{Nakicenovicetal2000,
        author={Nakicenovic, N. and Alcamo, J. and Davis, G. and de Vries, B. and Fenhann, J. and Gaffin, S. and Gregory, K. and Grubler, A. and Jung, T. Y. and Kram, T. and La Rovere, E. L. and Michaelis, L. and Mori, S. and Morita, T. and Pepper, W. and Pitcher, H. M. and Price, L. and Riahi, K. and Roehrl, A. and Rogner, H. H. and Sankovski, A. and Schlesinger, M. and Shukla, P. and Smith, S. J. and Swart, R. and van Rooijen, S. and Victor, N. and Dadi, Z.},
        title={{Special Report on Emissions Scenarios: a special report of Working Group III of the Intergovernmental Panel on Climate Change}},
        year={2000},
        institution={Environmental Molecular Sciences Laboratory, Pacific Northwest National Laboratory},
        address={Richland, WA, USA},
}

@book{LeZidek2006,
  title={Statistical Analysis of Environmental Space-Time Processes},
  author={Le, N. D. and Zidek, J. V.},
  year={2006},
  publisher={Springer},
  address={New York, NY},
}

@article{Cressieetal2010,
  title={Fixed rank filtering for spatio-temporal data},
  author={Cressie, N. and Shi, T. and Kang, E. L.},
  journal={Journal of Computational and Graphical Statistics},
  volume={19},
  pages={724--745},
  year={2010},
}

@article{SampsonGuttorp1992,
    author ={Sampson, P. D. and Guttorp, P.},
    title = {Nonparametric Estimation of Nonstationary Spatial Covariance Structure},
    journal = {Journal of the American Statistical Association},
    volume = {87},
    pages = {108--119},
    year ={1992},
    doi = {10.1080/01621459.1992.10475181},
}

@article{GentonKleiber2015,
    author={Genton, M. G. and Kleiber, W.},
    year={2015},
    title={Cross-covariance functions for multivariate geostatistics (with discussion)},
    journal= {Statistical Science},
    volume = {30},
    pages = {147--163}
}

@article{RoyleBerliner1999,
  title={A hierarchical approach to multivariate spatial modeling and prediction},
  author={Royle, J. A. and Berliner, L. M.},
  journal={Journal of Agricultural, Biological, and Environmental Statistics},
  pages={29--56},
  year={1999},
  volume={4},
}

@incollection{Royleetal1999,
  title={A hierarchical spatial model for constructing wind fields from scatterometer data in the {L}abrador {S}ea},
  author={Royle, J. A. and Berliner, L. M. and Wikle, C. K. and Milliff, R.},
  booktitle={Case Studies in Bayesian Statistics IV},
  year={1999},
  pages={367--382},
  editor={Gatsonis, G. and Carlin, B. and Gelman, A. and West, M. and Kass, R. E. and Carriquiry, A. and Verdinelli, I.},
  publisher={Springer--Verlag},
  address={New York, NY},
}




@book{Banerjeeetal2015,
    author={Banerjee, S. and Carlin, B. P. and Gelfand, A. E.},
        year={2015},
        title={Hierarchical Modeling and Analysis for Spatial Data, \textnormal{2nd edn}},
        publisher={Chapman and Hall/CRC},
        address={Boca Raton, FL},
}

@article {Christakos1984,
    author = {Christakos, G.},
    title = {On the Problem of Permissible Covariance and Variogram Models},
    journal = {Water Resources Research},
    volume = {20},
    pages = {251--265},
    year = {1984},
}



@book{Wackernagel1995,
    author={Wackernagel, H.},
    title={Multivariate {G}eostatistics},
    publisher={Springer},
    address={Berlin, DE},
    year={1995},
}

@article{Websteretal1994,
    author={Webster, R. and Atteia, O. and Dubois, J. P.},
    title={Coregionalization of trace metals in the soil in the {S}wiss {J}ura},
    journal={European Journal of Soil Science},
    volume={45},
    pages={205--218},
    year={1994},
}

@article{VerHoefCressie1993,
    year={1993},
    journal={Mathematical Geology},
    volume={25},
    title={Multivariable spatial prediction},
    author={Ver Hoef, J. M. and Cressie, N.},
    pages={219--240. Errata: 1994, Vol.~\textbf{26}, pp. 273-275.},
}

@article{verHoef_1998,
  title={Constructing and fitting models for cokriging and multivariable spatial prediction},
  author={Ver Hoef, J. M. and Barry, R. P.},
  journal={Journal of Statistical Planning and Inference},
  volume={69},
  pages={275--294},
  year={1998},
}

@article{ver1993multivariable,
  title={Multivariable spatial prediction},
  author={Ver Hoef, Jay M and Cressie, Noel},
  journal={Mathematical Geology},
  volume={25},
  number={2},
  pages={219--240},
  year={1993},
  publisher={Springer}
}

@article{SainCressie2007,
    title = "A spatial model for multivariate lattice data",
    journal = "Journal of Econometrics",
    volume = "140",
    pages = "226--259",
    year = "2007",
    author = "Sain, S. R. and Cressie, N.",
}

@article{Gneitingetal2010,
    author={Gneiting, T. and Kleiber, W. and Schlather, M.},
    title={Mat\'{e}rn cross-covariance functions for multivariate random fields},
    journal={Journal of the American Statistical Association},
    volume={105},
    pages={1167--1177},
    year={2010},
}

@article{Myers1982,
  title={Matrix formulation of cokriging},
  author={Myers, D. E.},
  journal={Mathematical Geology},
  volume={14},
  pages={249--257},
  year={1982},
}

@article{Myers1992,
    title = "Kriging, cokriging, radial basis functions and the role of positive definiteness",
    journal = "Computers and Mathematics with Applications",
    volume = "24",
    pages = "139--148",
    year = "1992",
    author = "Myers, D. E.",
}

@article{CressieWikle1998b,
  title={The variance-based cross-variogram: {Y}ou can add apples and oranges},
  author={Cressie, N. and Wikle, C. K.},
  journal={Mathematical Geology},
  volume={30},
  pages={789--799},
  year={1998},
}

@article{Huangetal2009,
  title={Multivariate intrinsic random functions for cokriging},
  author={Huang, C. and Yao, Y. and Cressie, N. and Hsing, T.},
  journal={Mathematical Geosciences},
  volume={41},
  pages={887--904},
  year={2009},
}

@article{MajumdarGelfand2007,
  title={Multivariate spatial modeling for geostatistical data using convolved covariance functions},
  author={Majumdar, A. and Gelfand, A. E.},
  journal={Mathematical Geology},
  volume={39},
  pages={225--245},
  year={2007},
}

@article{Finleyetal2008,
  title={Bayesian multivariate process modeling for prediction of forest attributes},
  author={Finley, A. O. and Banerjee, S. and Ek, A. R. and McRoberts, R. E.},
  journal={Journal of Agricultural, Biological, and Environmental Statistics},
  volume={13},
  pages={60--83},
  year={2008},
}

@article{Gelfandetal2004,
  title={Nonstationary multivariate process modeling through spatially varying coregionalization (with discussion)},
  author={Gelfand, A. E. and Schmidt, A. M. and Banerjee, S. and Sirmans, C. F.},
  journal={Test},
  volume={13},
  pages={263--312},
  year={2004},
}

@article{Beven1979,
    title = "A sensitivity analysis of the {P}enman--{M}onteith actual evapotranspiration estimates ",
    journal= "Journal of Hydrology ",
    volume = "44",
    pages = "169--190",
    year = "1979",
    author = "Beven, K.",
}

@book{Billingsley1995,
        author={Billingsley, P.},
        year={1995},
        title={Probability and Measure, \textnormal{3rd edn}},
        publisher={John Wiley and Sons},
        address={New York, NY}
}

@article{Duane_1987,
  title={Hybrid {M}onte {C}arlo},
  author={Duane, Simon and Kennedy, Anthony D and Pendleton, Brian J and Roweth, Duncan},
  journal={Physics Letters B},
  volume={195},
  pages={216--222},
  year={1987},
  publisher={Elsevier}
}

@incollection{Neal_2011,
  title={{MCMC using Hamiltonian dynamics}},
  author={Neal, Radford},
  booktitle={Handbook of Markov Chain Monte Carlo},
  editor={Steve Brooks and Andrew Gelman and Galin L. Jones and Xiao-Li Meng},
  publisher = {Chapman \& Hall/CRC Press, Boca Raton, FL},
  year={2011}
}

@article{ChristensenAmemiya2001,
 title={Generalized shifted-factor analysis method for multivariate geo-referenced data},
 author={W. F. Christensen and Amemiya, Y},
 year={2001},
 volume={33},
 number={7},
 journal={Mathematical Geology},
 pages={801--824},
}




% article{Christakos1984,
%    author= {Christakos, G.},
%    year={1984},
%    title={Title},
%    journal={Journal},
% }



%article{Sainetal2011,
%    journal = "The Annals of Applied Statistics",
%    author = "Sain, S. R. and Furrer, R. and Cressie, N.",
%    number = "1",
%    pages = "150--175",
%    title = "A spatial analysis of multivariate output from regional climate models",
%    volume = "5",
%    year = "2011",
%}
%article{VerHoefCressie1993,
%    year={1993},
%    journal={Mathematical Geology},
%    volume={25},
%    number={2},
%    title={Multivariable spatial prediction},
%    author={Ver Hoef, J. M. and Cressie, N.},
%    pages={219--240},
%    note={Errata: 26:273--275, 1994},
%}

%techreport{Nakicenovicetal2000,
%  title={{Special report on emissions scenarios: A special report of Working Group III of the Intergovernmental Panel on Climate Change}},
%  author={Nakicenovic, N. and Alcamo, J. and Davis, G. and De Vries, B. and Fenhann, J. and Gaffin, S. and Gregory, K. and Gr{\"u}bler, A. and Jung, T. Y. and Kram, T.},
%  year={2000},
%  institution={Environmental Molecular Sciences Laboratory, Pacific Northwest National Laboratory},
%  address={Richland, WA, USA},
%}

%inproceedings{Wood2000,
%  title={Constructing weighted surface networks for the representation and analysis of surface topology},
%  author={Wood, J. and Rana, S.},
%  booktitle={Proceedings GeoComputation},
%  pages={23--25},
%  year={2000},
%}

%article{Huangetal2002,
%  title={Fast, resolution-consistent spatial prediction of global processes from satellite data},
%  author={Huang, H.-C. and Cressie, N. and Gabrosek, J.},
%  journal={Journal of Computational and Graphical Statistics},
%  volume={11},
%  number={1},
%  year={2002},
%}
